
  <record>
    <leader>01000aam  22002601a 4500</leader>
    <controlfield tag="001">YPZ92615</controlfield>
    <controlfield tag="003">YPZ</controlfield>
    <controlfield tag="005">201004061759330</controlfield>
    <controlfield tag="008">100406|###########||||||b||||||||||spa|d</controlfield>
    <datafield tag="040" ind1=" " ind2=" ">
      <subfield code="c">SIUNPA</subfield>
    </datafield>
    <datafield tag="041" ind1=" " ind2=" ">
      <subfield code="a">spa</subfield>
    </datafield>
    <datafield tag="044" ind1=" " ind2=" ">
      <subfield code="a">AR</subfield>
    </datafield>
    <datafield tag="080" ind1=" " ind2=" ">
      <subfield code="a">78.087.68 M435r</subfield>
    </datafield>
    <datafield tag="100" ind1=" " ind2=" ">
      <subfield code="a">Matta, Camilo.</subfield>
    </datafield>
    <datafield tag="245" ind1=" " ind2=" ">
      <subfield code="a">Romancero de niños</subfield>
      <subfield code="c"> / Agüero, Antonio Esteban, letra</subfield>
    </datafield>
    <datafield tag="250" ind1=" " ind2=" ">
      <subfield code="a">1a ed.</subfield>
    </datafield>
    <datafield tag="260" ind1=" " ind2=" ">
      <subfield code="a">Buenos Aires</subfield>
      <subfield code="b"> : GCC</subfield>
      <subfield code="c"> , 2006</subfield>
    </datafield>
    <datafield tag="500" ind1=" " ind2=" ">
      <subfield code="a">Para coro de niños con acompañamiento instrumental</subfield>
    </datafield>
    <datafield tag="500" ind1=" " ind2=" ">
      <subfield code="a">Nro. de plancha: GCC-MP 1606</subfield>
    </datafield>
    <datafield tag="500" ind1=" " ind2=" ">
      <subfield code="a">En portada: Dedicado al Coro de Niños de la Universidad Nacional de Cuyo y a su Directora Ángela Burgoa</subfield>
    </datafield>
    <datafield tag="505" ind1=" " ind2=" ">
      <subfield code="a">Los niños y los tucos, pasillo cuyano SMA y solo - Romance del Piquillín, sereno y tonada SMA - El niño coplero, chaya SMA (div S)</subfield>
    </datafield>
    <datafield tag="650" ind1=" " ind2=" ">
      <subfield code="a"> MUSICA CORAL</subfield>
    </datafield>
    <datafield tag="650" ind1=" " ind2=" ">
      <subfield code="a"> ARGENTINA</subfield>
    </datafield>
    <datafield tag="942" ind1=" " ind2=" ">
      <subfield code="c">PAR</subfield>
    </datafield>
    <datafield tag="952" ind1=" " ind2=" ">
      <subfield code="a">BIB_RECT</subfield>
      <subfield code="b">BIB_UACO</subfield>
      <subfield code="d">2010-04-06</subfield>
      <subfield code="y">PAR</subfield>
      <subfield code="p">02-39095</subfield>
      <subfield code="i">02-39095</subfield>
      <subfield code="g">6</subfield>
      <subfield code="o">78.087.68 M435r</subfield>
      <subfield code="e">Compra SIUNPA OC 157/09</subfield>
      <subfield code="8">CG</subfield>
    </datafield>
  </record>